
@article{feng,
author = {Feng, Yuming},
year = {2017},
month = {07},
pages = {542-545},
title = {Symmetric metric space},
journal = {Italian Journal of Pure and Applied Mathematics}
}
